<?xml version="1.0" encoding="UTF-8" ?>
<collection xmlns:xsi="http://www.w3.org/2001/XMLSchema-instance" xsi:schemaLocation="http://www.loc.gov/MARC21/slim http://www.loc.gov/standards/marcxml/schema/MARC21slim.xsd" xmlns="http://www.loc.gov/MARC21/slim">
   <record>
      <leader>     mam a22     1a 4500</leader>
      <controlfield tag="001">2817054</controlfield>
      <controlfield tag="003">NIC</controlfield>
      <controlfield tag="005">20140811193728.0</controlfield>
      <controlfield tag="008">941108s1955    ua       b    000 0 arar </controlfield>
      <datafield tag="010" ind1=" " ind2=" ">
         <subfield code="a">   60025505 </subfield>
      </datafield>
      <datafield tag="035" ind1=" " ind2=" ">
         <subfield code="a">(NIC)notisANW5370</subfield>
      </datafield>
      <datafield tag="035" ind1=" " ind2=" ">
         <subfield code="a">(OCoLC)22723153</subfield>
      </datafield>
      <datafield tag="035" ind1=" " ind2=" ">
         <subfield code="a">2817054</subfield>
      </datafield>
      <datafield tag="040" ind1=" " ind2=" ">
         <subfield code="a">DLC</subfield>
         <subfield code="c">WAU</subfield>
         <subfield code="d">WAU</subfield>
         <subfield code="d">ZCH</subfield>
         <subfield code="d">NNU</subfield>
         <subfield code="d">NIC</subfield>
      </datafield>
      <datafield tag="050" ind1="0" ind2=" ">
         <subfield code="a">R128.3</subfield>
         <subfield code="b">.I17</subfield>
      </datafield>
      <datafield tag="100" ind1="1" ind2=" ">
         <subfield code="a">Ibn Juljul, Sulaymān ibn Ḥassān,</subfield>
         <subfield code="d">944-</subfield>
      </datafield>
      <datafield tag="245" ind1="1" ind2="0">
         <subfield code="a">Ṭabaqāt al-aṭibbāʼ wa-al-ḥukamāʼ /</subfield>
         <subfield code="c">taʼlīf Abī Dāwūd Sulaymān ibn Ḥassān al-Andalusī al-maʻrūf bi-Ibn Juljul ; bi-taḥqīq Fuʼād al-Sayyid.</subfield>
      </datafield>
      <datafield tag="260" ind1=" " ind2=" ">
         <subfield code="a">al-Qāhirah :</subfield>
         <subfield code="b">Maṭbaʻat al-Maʻhad al-ʻIlmī al-Faransī lil-Āthār al-Sharqīyah,</subfield>
         <subfield code="c">1955.</subfield>
      </datafield>
      <datafield tag="300" ind1=" " ind2=" ">
         <subfield code="a">48, 138, 10 p. ;</subfield>
         <subfield code="c">25 cm.</subfield>
      </datafield>
      <datafield tag="490" ind1="1" ind2=" ">
         <subfield code="a">Maṭbūʻāt al-Maʻhad al-ʻIlmī al-Faransī lil-Āthār al-Sharqīyah bi-al-Qāhirah</subfield>
      </datafield>
      <datafield tag="490" ind1="1" ind2=" ">
         <subfield code="a">Nuṣūṣ wa-Tarjamāt ;</subfield>
         <subfield code="v">mujallad 10</subfield>
      </datafield>
      <datafield tag="500" ind1=" " ind2=" ">
         <subfield code="a">Added t. p.: Les générations des médecins et des sages (Ṭabaqāt al-ʼaṭibbāʼ wal-ḥukamāʼ); écrit composé en 377 H. par Abū Dāwūd Sulaïmān ibn Ḥassān ibn Ǧulǧul Andalusī; éd. critique par Fuʼād Sayyid.</subfield>
      </datafield>
      <datafield tag="504" ind1=" " ind2=" ">
         <subfield code="a">Bibliographical footnotes.</subfield>
      </datafield>
      <datafield tag="650" ind1=" " ind2="0">
         <subfield code="a">Medicine, Arab.</subfield>
      </datafield>
      <datafield tag="700" ind1="1" ind2=" ">
         <subfield code="a">Sayyid, Fuʼād.</subfield>
      </datafield>
      <datafield tag="740" ind1="0" ind2=" ">
         <subfield code="a">Générations des médicins et des sages.</subfield>
      </datafield>
      <datafield tag="830" ind1=" " ind2="0">
         <subfield code="a">Textes et traductions d&apos;auteurs orientaux,</subfield>
         <subfield code="v">t. 10.</subfield>
      </datafield>
      <datafield tag="830" ind1=" " ind2="0">
         <subfield code="a">Publications de l&apos;Institut français d&apos;archéologie orientale du   Caire.</subfield>
      </datafield>
      <datafield tag="905" ind1=" " ind2=" ">
         <subfield code="a">19990520120000.0</subfield>
      </datafield>
      <datafield tag="903" ind1=" " ind2=" ">
         <subfield code="a">NYUACO</subfield>
         <subfield code="d">20141028</subfield>
         <subfield code="p">31924024779534</subfield>
      </datafield>
      <datafield tag="950" ind1=" " ind2=" ">
         <subfield code="a">R128.3</subfield>
         <subfield code="b">.I13 1955</subfield>
         <subfield code="v"> </subfield>
      </datafield>
   </record>
</collection>
